<?xml version="1.0" encoding="UTF-8"?><collection xmlns="http://www.loc.gov/MARC21/slim"><record><leader>00557nam--2200193-u-4500</leader><controlfield tag="001">000052546</controlfield><controlfield tag="002">20161230</controlfield><controlfield tag="005">20161230201050</controlfield><controlfield tag="008">100907s1000------------r-----000-0-rus-d</controlfield><datafield ind1=" " ind2=" " tag="040"><subfield code="a">IFIN-HH</subfield></datafield><datafield ind1=" " ind2=" " tag="041"><subfield code="a">rus</subfield></datafield><datafield ind1=" " ind2=" " tag="080"><subfield code="a">533.6.011</subfield></datafield><datafield ind1="1" ind2=" " tag="100"><subfield code="a">Vallander, S.B</subfield></datafield><datafield ind1="1" ind2="0" tag="245"><subfield code="a">Nekotorie voprosi kineticeskoi reagiruushei smesi gazov</subfield><subfield code="c">S.B. Vallander, E.A. Nagnibeda, M.A. Ridalevskaia</subfield></datafield><datafield ind1=" " ind2=" " tag="260"><subfield code="a">Leningrad</subfield><subfield code="b">Leningradskogo Universiteta</subfield><subfield code="c">1977</subfield></datafield><datafield ind1=" " ind2=" " tag="300"><subfield code="a">280 p</subfield></datafield><datafield ind1="1" ind2=" " tag="700"><subfield code="a">M.A. Ridalevskaia</subfield></datafield><datafield ind1=" " ind2=" " tag="852"><subfield code="a">46179</subfield><subfield code="c">533.6</subfield></datafield><datafield ind1=" " ind2=" " tag="CAT"><subfield code="a">Sys</subfield><subfield code="c">20100907</subfield><subfield code="h">103131</subfield></datafield></record></collection>